@inproceedings{patterson2006future,
  title={Future of computer architecture},
  author={Patterson, David A},
  booktitle={Berkeley EECS Annual Research Symposium (BEARS), College of Engineering, UC Berkeley, US},
  year={2006}
}

@online{mims2010,
  author = {Christopher Mims},
  title = {Why CPUs Aren't Getting Any Faster},
  year = 2010,
  url = {https://www.technologyreview.com/s/421186/why-cpus-arent-getting-any-faster/},
  urldate = {2019-03-14}
}

@inproceedings{fan2007power,
  title={Power provisioning for a warehouse-sized computer},
  author={Fan, Xiaobo and Weber, Wolf-Dietrich and Barroso, Luiz Andre},
  booktitle={ACM SIGARCH computer architecture news},
  volume={35},
  number={2},
  pages={13--23},
  year={2007},
  organization={ACM}
}

@book{harper2016practical,
  title={Practical foundations for programming languages},
  author={Harper, Robert},
  year={2016},
  publisher={Cambridge University Press}
}